<?xml version="1.0" encoding="UTF-8"?><collection xmlns="http://www.loc.gov/MARC21/slim"><record><leader>00430nam--2200133-i-4500</leader><controlfield tag="001">000032812</controlfield><controlfield tag="002">20161230</controlfield><controlfield tag="005">20161230201039</controlfield><controlfield tag="008">060222s1000------------r-----000-0-eng-d</controlfield><datafield ind1=" " ind2=" " tag="100"><subfield code="a">Middlebrook,R.D</subfield></datafield><datafield ind1=" " ind2=" " tag="245"><subfield code="a">Diff.amplifiers. their analysis and their appl.in transistor d-c amplifiers</subfield></datafield><datafield ind1=" " ind2=" " tag="260"><subfield code="a">New York, John Wiley And Sons, Inc.,1963. Xii + 115p</subfield></datafield><datafield ind1=" " ind2=" " tag="490"><subfield code="a">The Wiley Monograph Series On Electronic Circuits</subfield></datafield><datafield ind1=" " ind2=" " tag="852"><subfield code="a">19188</subfield></datafield></record></collection>